<?xml version="1.0" encoding="UTF-8"?><record xmlns="http://www.loc.gov/MARC21/slim" xmlns:cinclude="http://apache.org/cocoon/include/1.0" xmlns:zs="http://www.loc.gov/zing/srw/">
  <leader>00598cz  a2200169n  4500</leader>
  <controlfield tag="001">n  84220869 </controlfield>
  <controlfield tag="003">DLC</controlfield>
  <controlfield tag="005">20081119075347.0</controlfield>
  <controlfield tag="008">850204n| acannaabn          |a aaa      </controlfield>
  <datafield tag="010" ind1=" " ind2=" ">
    <subfield code="a">n  84220869 </subfield>
  </datafield>
  <datafield tag="035" ind1=" " ind2=" ">
    <subfield code="a">(OCoLC)oca01262419</subfield>
  </datafield>
  <datafield tag="040" ind1=" " ind2=" ">
    <subfield code="a">DLC</subfield>
    <subfield code="b">eng</subfield>
    <subfield code="c">DLC</subfield>
    <subfield code="d">DLC</subfield>
    <subfield code="d">DLC-OK</subfield>
    <subfield code="d">OCoLC</subfield>
  </datafield>
  <datafield tag="100" ind1="1" ind2=" ">
    <subfield code="a">Kathuria, Ravinder</subfield>
  </datafield>
  <datafield tag="400" ind1="0" ind2=" ">
    <subfield code="a">Ravinder Kathuria</subfield>
  </datafield>
  <datafield tag="400" ind1="1" ind2=" ">
    <subfield code="a">Kathuria, R.</subfield>
    <subfield code="q">(Ravinder)</subfield>
  </datafield>
  <datafield tag="670" ind1=" " ind2=" ">
    <subfield code="a">Machungwa, P.D. Occupational testing in Zambia, 1984:</subfield>
    <subfield code="b">t.p. (Ravinder Kathuria)</subfield>
  </datafield>
  <datafield tag="670" ind1=" " ind2=" ">
    <subfield code="a">Community peer education to prevent STD/HIV/AIDS ... between 1994 and 2001:</subfield>
    <subfield code="b">t.p. (R. Kathuria, Univ. of Zambia)</subfield>
  </datafield>
</record>